<record><leader>00000cas a2200000 a 4500</leader><controlfield tag="001">12714655</controlfield><controlfield tag="008">851024d197u197uksuer ne      0    0eng d</controlfield><datafield ind1=" " ind2=" " tag="010"><subfield code="a">sn 85032474 </subfield></datafield><datafield ind1=" " ind2=" " tag="040"><subfield code="a">KSH</subfield><subfield code="b">eng</subfield><subfield code="c">KSH</subfield><subfield code="d">NPT</subfield><subfield code="d">OCL</subfield><subfield code="d">OCLCQ</subfield></datafield><datafield ind1=" " ind2=" " tag="042"><subfield code="a">msc</subfield></datafield><datafield ind1="0" ind2=" " tag="130"><subfield code="a">Dark horse (Wichita, Kan.)</subfield></datafield><datafield ind1="1" ind2="0" tag="245"><subfield code="a">Dark horse.</subfield></datafield><datafield ind1=" " ind2=" " tag="260"><subfield code="a">Wichita, Kan. :</subfield><subfield code="b">Steven MacNamara</subfield></datafield><datafield ind1=" " ind2=" " tag="300"><subfield code="a">v. :</subfield><subfield code="b">ill. ;</subfield><subfield code="c">41 cm.</subfield></datafield><datafield ind1=" " ind2=" " tag="310"><subfield code="a">Biweekly</subfield></datafield><datafield ind1=" " ind2=" " tag="500"><subfield code="a">"Free press of Wichita."</subfield></datafield><datafield ind1=" " ind2=" " tag="588"><subfield code="a">Description based on: Vol. 3, no. 2 (Jan. 19, 1971).</subfield></datafield><datafield ind1=" " ind2=" " tag="752"><subfield code="a">United States</subfield><subfield code="b">Kansas</subfield><subfield code="c">Sedgwick</subfield><subfield code="d">Wichita.</subfield></datafield><datafield ind1="0" ind2="0" tag="780"><subfield code="t">Wichita free press</subfield><subfield code="w">(DLC)sn 85032425</subfield></datafield><datafield ind1="1" ind2=" " tag="029"><subfield code="a">AU@</subfield><subfield code="b">000022165826</subfield></datafield></record>